@misc{cite0,
	author = {J-M. GOGUE },
    title = {L’influence du mérite sur les salaires et les promotions},
   	howpublished = {\url{<http://www.fr-deming.org/afed-F33.pdf/>}},
    year = "",
    note = "[]"
}

@misc{cite1,
	author = {M. ÖZTÜRK},
    title = {Aide Multicritère à la Décision (AMCD) },
   	howpublished = {\url{<http://www.lamsade.dauphine.fr/~ozturk/CoursSlides/Surclassement.pdf/>}},
    year = "",
    note = ""
}

@misc{cite2,
	author = {C. MARTIN et M. LEGRET},
    title = {La méthode multicritère ELECTRE III Définitions, principe et exemple d’application à la gestion des eaux pluviales en milieu},
   	howpublished = {\url{<http://www.ifsttar.fr/collections/BLPCpdfs/blpc__258-259_29-46.pdf/>}},
    year = "",
    note = ""
}

@misc{cite3,
	author = {F. AISSANOU},
    title = {multicritères dans les réseaux de télécommunications autonomes},
   	howpublished = {\url{<https://halshs.archives-ouvertes.fr/tel-00997687/document/>}},
    year = "",
    note = "[]"
}

@misc{cite4,
	author = {D. AYADI },
    title = {OPTIMISATION MULTICRITERE DE LA FIABILITE : APPLICATION DU MODELE DE GOAL PROGRAMMING AVEC LES FONCTIONS DE SATISFACTIONS DANS L’INDUSTRIE DE TRAITEMENT DE GAZ},
   	howpublished = {\url{<http://https://tel.archives-ouvertes.fr/tel-00738462/file/These_D_AYABI.pdf/>}},
}

@book{cite6,
	author = {M. MAMMERI},
    title = {Une approche d’aide multicritère `a la d´décision pour l’évaluation du confort dans les trains : construction d’un modèle d’évaluation},
    howpublished = {\url{<https://tel.archives-ouvertes.fr/tel-00915734/document/>}}
}

@book{cite7,
	author = {G Y. MVENG MINKOULOU},
    title = {FIDELISATION DU PERSONNEL ET PERFORMANCE DE L'ENTREPRISE : Une application au personnel d'encadrement},
    howpublished = {\url{<http://www.memoireonline.com/01/12/5058/m_Fidelisation-du-personnel-et-performance-de-l-entreprise--une-application-au-personnel-d-encadreme0.html/>}}
}

@book{cite8,
	author = {C. Thierry},
    title = {Le confort global dans les trains : Application de méthodes d’aide à la décision multicritère. Mémoire de D.E.A., Université Paris Dauphine, Paris},
    year = "2012"
}

@book{cite9,
	author = {B. ROY},
    title = {ELECTRE III : un algorithme de classements fondé sur une représentation floue des préférences en présence de critères multiples, Cahiers du CERO},
    year = "1978",
    howpublished = {\url{<http://www.memoireonline.com/01/12/5058/m_Fidelisation-du-personnel-et-performance-de-l-entreprise--une-application-au-personnel-d-encadreme0.html/>}}
}

@book{cite10,
	title = {},
	author = {https://fr.wikipedia.org},
    howpublished = {\url{<https://fr.wikipedia.org/>}}
}

@book{cite11,
	title = {},
	author = {https://fr.scribd.com/document/116137386/principe-de-peter},
    howpublished = {\url{<https://fr.scribd.com/document/116137386/principe-de-peter/>}}
}

@misc{cite12,
	author = {B. Roy },
    title = {[Méthodologie multicritère d’aide à la décision. Ed. Economic},
    year = "1985",
    note = ""
}

@misc{cite13,
	author = {B. Roy },
    title = {[Decision science or decision-aid science ? European Journal of Operational Research},
    year = "1993",
    note = ""
}

@misc{cite14,
	author = {B. Roy },
    title = {[A propos de la signification des dépendances entre critères : quelle place et quels modes de prise en compte pour l’aide à la décision},
    year = "2009",
    note = ""
}

@misc{cite15,
	author = {B. Roy },
    title = {[[Aide multicritère à la décision : Méthodes et cas. Economica, Paris},
    year = "1993",
    note = ""
}

